



Account statement
______________________________________________________________________________________________________________________
Statement Criteria
______________________________________________________________________________________________________________________
Account Number : 001401500149
Branch Name    : 0014
Bank ID        : ICI
Date ranging from 01/03/2011 to 30/08/2011

______________________________________________________________________________________________________________________
No  	Tran ID   	Value Date  	Txn Date       	Cheque No.	Description                                                                     	Cr/Dr	Amount              	Available Balance             
______________________________________________________________________________________________________________________
1   	SB3823701 	28/02/2011	05/03/2011     	          	001401500149:Int.Pd:01-09-2010 to 28-02-2011                                    	Cr   	              117.00	            2,851.55
2   	SB6050250 	07/03/2011	07/03/2011     	          	BIL/211618879/My March Bill/988647006442578                                     	Dr   	              544.00	            2,307.55
3   	SB4309462 	05/04/2011	05/04/2011     	          	BIL/217351454/March Bill/988647006442578                                        	Dr   	              341.00	            1,966.55
4   	SB1314244 	11/04/2011	11/04/2011     	          	BIL/218719247/Please check/NSP                                                  	Dr   	                1.00	            1,965.55
5   	SB2219899 	12/04/2011	12/04/2011     	          	NEFT-0077F11102000394-ANAND NI                                                  	Cr   	           49,999.00	           51,964.55
6   	SB2219385 	12/04/2011	12/04/2011     	          	NEFT-0077F11102000392-ANAND NI                                                  	Cr   	           49,999.00	         1,01,963.55
7   	SB3084539 	13/04/2011	13/04/2011     	          	BIL/219102249/To Ravi Anna/NSP                                                  	Dr   	           50,000.00	           51,963.55
8   	SB3085361 	13/04/2011	13/04/2011     	          	BIL/219102403/To Ravi Anna 2/NSP                                                	Dr   	           50,000.00	            1,963.55
9   	SB4126143 	04/05/2011	04/05/2011     	          	BIL/223406288/April Bill/988647006442578                                        	Dr   	              409.00	            1,554.55
10  	SB4177311 	04/05/2011	04/05/2011     	          	NEFT-0077F11124001145-ANAND NI                                                  	Cr   	            2,000.00	            3,554.55
11  	 M3165366 	05/05/2011	05/05/2011     	          	TRFR FROM:RAVIKUMAR K                                                           	Cr   	         2,01,000.00	         2,04,554.55
12  	SB5709207 	05/05/2011	05/05/2011     	          	BIL/223743123/From Andy/NSP                                                     	Dr   	                2.00	         2,04,552.55
13  	SB5712519 	05/05/2011	05/05/2011     	          	BIL/223743486/Money 1/NSP                                                       	Dr   	           49,999.00	         1,54,553.55
14  	SB5713572 	05/05/2011	05/05/2011     	          	BIL/223743599/Money 2/NSP                                                       	Dr   	           49,999.00	         1,04,554.55
15  	SB6528914 	06/05/2011	06/05/2011     	          	BIL/223930117/Money 3/NSP                                                       	Dr   	           49,999.00	           54,555.55
16  	SB6529796 	06/05/2011	06/05/2011     	          	BIL/223930331/Money 4/NSP                                                       	Dr   	           49,999.00	            4,556.55
17  	SB8239368 	07/05/2011	07/05/2011     	          	NFS/CASH WDL/07-05-11/22:27:42/0                                                	Dr   	            1,000.00	            3,556.55
18  	SB1361610 	10/05/2011	10/05/2011     	          	NFS/CASH WDL/10-05-11/21:16:30/0                                                	Dr   	            2,000.00	            1,556.55
19  	SB6399741 	16/05/2011	16/05/2011     	          	NEFT-0077F11136000034-ANAND NI                                                  	Cr   	            8,000.00	            9,556.55
20  	SB7129503 	16/05/2011	16/05/2011     	          	NFS/CASH WDL/16-05-11/19:33:16/0                                                	Dr   	            8,000.00	            1,556.55
21  	SB3048928 	23/05/2011	23/05/2011     	          	NFS/CASH WDL/23-05-11/12:05:12/0                                                	Dr   	            1,000.00	              556.55
22  	SB7702195 	28/05/2011	28/05/2011     	          	NEFT-0077F11148000021-ANAND NI                                                  	Cr   	           12,000.00	           12,556.55
23  	SB8211374 	28/05/2011	28/05/2011     	          	ATM/CASH WDL/28-05-11/18:00:27/0                                                	Dr   	           10,000.00	            2,556.55
24  	SB3985006 	02/06/2011	02/06/2011     	          	NEFT-0077F11153001685-ANAND NI                                                  	Cr   	           10,000.00	           12,556.55
25  	SB9938042 	07/06/2011	07/06/2011     	          	VPS/MADURA GARM/20110607212037/0                                                	Dr   	            3,047.00	            9,509.55
26  	 SB640055 	08/06/2011	08/06/2011     	          	BIL/230904062/May Bill/988647006442578                                          	Dr   	              331.00	            9,178.55
27  	SB1350542 	09/06/2011	09/06/2011     	          	NEFT-0077F11159000859-ANAND NI                                                  	Cr   	           20,000.00	           29,178.55
28  	SB1956688 	09/06/2011	09/06/2011     	          	NFS/CASH WDL/09-06-11/19:00:41/0                                                	Dr   	           10,000.00	           19,178.55
29  	SB1957618 	09/06/2011	09/06/2011     	          	NFS/CASH WDL/09-06-11/19:01:19/0                                                	Dr   	           10,000.00	            9,178.55
30  	SB2000888 	09/06/2011	09/06/2011     	          	NFS/CASH WDL/09-06-11/19:40:12/0                                                	Dr   	            4,000.00	            5,178.55
31  	SB8481783 	16/06/2011	16/06/2011     	          	NFS/CASH WDL/16-06-11/08:17:54/0                                                	Dr   	            3,000.00	            2,178.55
32  	 SB907058 	18/06/2011	18/06/2011     	          	NFS/CASH WDL/18-06-11/16:45:19/0                                                	Dr   	            2,000.00	              178.55
33  	SB2198200 	20/06/2011	20/06/2011     	          	NEFT-0077F11171000025-ANAND NI                                                  	Cr   	           10,000.00	           10,178.55
34  	SB5020486 	23/06/2011	22/06/2011     	          	IIN/KSRTC Centr/20110622225233/0                                                	Dr   	              425.00	            9,753.55
35  	SB5799013 	23/06/2011	23/06/2011     	          	VPS/ADVITA DTRI/20110623194756/0                                                	Dr   	              100.00	            9,653.55
36  	SB5805209 	23/06/2011	23/06/2011     	          	NFS/CASH WDL/23-06-11/19:38:28/0                                                	Dr   	            3,000.00	            6,653.55
37  	SB5833477 	23/06/2011	23/06/2011     	          	VPS/TRINETHRA S/20110623201756/0                                                	Dr   	              248.00	            6,405.55
38  	SB8484884 	26/06/2011	27/06/2011     	          	ATM/CASH WDL/26-06-11/21:52:10/0                                                	Dr   	            3,000.00	            3,405.55
39  	SB8845591 	27/06/2011	27/06/2011     	          	Dt:11/06/23 ADVITA DTRIVENMALL                                                  	Dr   	               11.03	            3,394.52
40  	SB7739347 	04/07/2011	04/07/2011     	          	NEFT-0077F11185000151-ANAND NI                                                  	Cr   	           20,000.00	           23,394.52
41  	 SB489148 	06/07/2011	06/07/2011     	          	BIL/236967615/June Bill/988647006442578                                         	Dr   	              627.00	           22,767.52
42  	 SB992705 	06/07/2011	06/07/2011     	          	NFS/CASH WDL/06-07-11/21:26:51/0                                                	Dr   	           10,000.00	           12,767.52
43  	SB4106878 	09/07/2011	09/07/2011     	          	ATM/CASH WDL/09-07-11/17:30:27/0                                                	Dr   	            3,000.00	            9,767.52
44  	SB4106878 	09/07/2011	09/07/2011     	          	ATM/CASH WDL/09-07-11/17:31:18/0                                                	Dr   	            2,000.00	            7,767.52
45  	SB1821243 	16/07/2011	16/07/2011     	          	ATM/CASH WDL/16-07-11/19:48:50/0                                                	Dr   	            5,000.00	            2,767.52
46  	SB2238965 	27/07/2011	27/07/2011     	          	NEFT-0077F11208000441-ANAND NIDAMANURU                                          	Cr   	           15,000.00	           17,767.52
47  	SB2477353 	27/07/2011	27/07/2011     	          	NFS/CASH WDL/27-07-11/20:05:39/0                                                	Dr   	            3,000.00	           14,767.52
48  	SB5184577 	30/07/2011	29/07/2011     	          	VIN/KESINENI TO/20110730002431/0                                                	Dr   	              750.00	           14,017.52
49  	CM3294639 	01/08/2011	01/08/2011     	          	IIN/CCAvenue.co/20110731025933/1                                                	Dr   	              807.50	           13,210.02
50  	SB1178419 	03/08/2011	03/08/2011     	          	BIL/243559817/July Bill/988647006442578                                         	Dr   	              431.00	           12,779.02
51  	SB2827891 	05/08/2011	05/08/2011     	          	ATM/CASH WDL/05-08-11/09:18:05/0                                                	Dr   	           10,000.00	            2,779.02
52  	SB4001636 	07/08/2011	05/08/2011     	          	IIN/DHANUNJAYA /20110806001609/0                                                	Dr   	            1,200.00	            1,579.02
53  	SB7861651 	09/08/2011	09/08/2011     	          	NEFT-0077F11221000427-ANAND NIDAMANURU                                          	Cr   	            5,000.00	            6,579.02
54  	SB8581145 	10/08/2011	10/08/2011     	          	ATM/CASH WDL/10-08-11/05:00:42/0                                                	Dr   	            5,000.00	            1,579.02
55  	SB9461831 	20/08/2011	20/08/2011     	          	NFS/CASH WDL/20-08-11/16:48:28/0                                                	Dr   	            1,000.00	              579.02
56  	 SB793704 	22/08/2011	22/08/2011     	          	NFS/CASH WDL/22-08-11/12:15:30/0                                                	Dr   	              500.00	               79.02
57  	SB3621564 	25/08/2011	25/08/2011     	          	NEFT-0077F11236000495-ANAND NIDAMANURU                                          	Cr   	            2,000.00	            2,079.02
58  	SB4996402 	26/08/2011	26/08/2011     	          	REF KESINENI TOURS AND TRA                                                      	Cr   	              675.00	            2,754.02
59  	SB9051385 	30/08/2011	30/08/2011     	          	NFS/CASH WDL/30-08-11/12:14:43/0                                                	Dr   	            2,000.00	              754.02


Note:
1. Transaction date: The date when the transaction in the account is entered.

2. Value date: The date when the transaction takes effect for the purpose of calculation of interest.

3. Legends Used in Account Statement
-> VAT / MAT / NFS – Cash withdrawal at other bank ATM
-> INF – Internet fund transfer in linked accounts
-> EBA – Transaction on ICICI Direct
-> BIL – Internet Bill payment or funds transfer to Third party
-> VPS / IPS – Debit card transaction
-> TOP – Mobile recharge
-> BCTT – Banking Cash Transaction Tax
-> UCCBRN CMS -Upcountry cheque collection
-> LCCBRN CMS - Local cheque collection
-> N chg - NEFT Charges



