Account Name       :                	Mr. ANAND  NIDAMANURU
Address            :	D NO 5-78-16
                                    	6/3, PANDARIPURAM
                                    	GUNTUR-522002
                                    	GUNTUR
Date               :                	28 Dec 2018
Account Number     :	_00000031232114742
Account Description:	SBI HOME LOAN TL (OCT13) 
Branch             :	LAKSHMIPURAM, GUNTUR
Balance on 1 Apr 2017        :	-10,70,540.00
Start Date          :	1 Apr 2017
End Date            :	1 Sep 2017
Txn Date	Value Date	Description	Ref No./Cheque No.	        Debit	Credit	Balance	
31 Aug 2017	31 Aug 2017	INTEREST---	-	7,605.00	 	-9,56,614.00
15 Aug 2017	15 Aug 2017	O.S. DEPOSIT TRAN-                                                                                                    TRANSFER FROM 31006347367                         Mr. ANAND  NIDAMANURU--	-	 	30,698.00	-9,49,009.00
31 Jul 2017	31 Jul 2017	INTEREST---	-	7,786.00	 	-9,79,707.00
15 Jul 2017	15 Jul 2017	O.S. DEPOSIT TRAN-                                                                                                    TRANSFER FROM 31006347367                         Mr. ANAND  NIDAMANURU--	-	 	30,698.00	-9,71,921.00
30 Jun 2017	30 Jun 2017	INTEREST---	-	7,797.00	 	-10,02,619.00
15 Jun 2017	15 Jun 2017	O.S. DEPOSIT TRAN-                                                                                                    TRANSFER FROM 31006347367                         Mr. ANAND  NIDAMANURU--	-	 	30,698.00	-9,94,822.00
31 May 2017	31 May 2017	INTEREST---	-	8,232.00	 	-10,25,520.00
15 May 2017	15 May 2017	O.S. DEPOSIT TRAN-                                                                                                    TRANSFER FROM 31006347367                         Mr. ANAND  NIDAMANURU--	-	 	30,698.00	-10,17,288.00
30 Apr 2017	30 Apr 2017	INTEREST---	-	8,144.00	 	-10,47,986.00
15 Apr 2017	15 Apr 2017	O.S. DEPOSIT TRAN-                                                                                                    TRANSFER FROM 31006347367                         Mr. ANAND  NIDAMANURU--	-	 	30,698.00	-10,39,842.00

**This is a computer generated statement and does not require a signature