Account Name       :                	Mr. ANAND  NIDAMANURU
Address            :	D NO 5-78-16
                                    	6/3, PANDARIPURAM
                                    	GUNTUR-522002
                                    	GUNTUR
Date               :                	28 Dec 2018
Account Number     :	_00000031232114742
Account Description:	SBI HOME LOAN TL (OCT13) 
Branch             :	LAKSHMIPURAM, GUNTUR
Balance on 1 Sep 2017        :	-9,56,614.00
Start Date          :	1 Sep 2017
End Date            :	1 Feb 2018
Txn Date	Value Date	Description	Ref No./Cheque No.	        Debit	Credit	Balance	
31 Jan 2018	31 Jan 2018	INTEREST---	-	6,423.00	 	-8,37,549.00
15 Jan 2018	15 Jan 2018	O.S. DEPOSIT TRAN-                                                                                                    TRANSFER FROM 31006347367                         Mr. ANAND  NIDAMANURU--	-	 	30,698.00	-8,31,126.00
31 Dec 2017	31 Dec 2017	INTEREST---	-	6,826.00	 	-8,61,824.00
15 Dec 2017	15 Dec 2017	O.S. DEPOSIT TRAN-                                                                                                    TRANSFER FROM 31006347367                         Mr. ANAND  NIDAMANURU--	-	 	30,698.00	-8,54,998.00
30 Nov 2017	30 Nov 2017	INTEREST---	-	6,791.00	 	-8,85,696.00
15 Nov 2017	15 Nov 2017	O.S. DEPOSIT TRAN-                                                                                                    TRANSFER FROM 31006347367                         Mr. ANAND  NIDAMANURU--	-	 	30,698.00	-8,78,905.00
31 Oct 2017	31 Oct 2017	INTEREST---	-	7,198.00	 	-9,09,603.00
15 Oct 2017	15 Oct 2017	O.S. DEPOSIT TRAN-                                                                                                    TRANSFER FROM 31006347367                         Mr. ANAND  NIDAMANURU--	-	 	30,698.00	-9,02,405.00
30 Sep 2017	30 Sep 2017	INTEREST---	-	7,187.00	 	-9,33,103.00
15 Sep 2017	15 Sep 2017	O.S. DEPOSIT TRAN-                                                                                                    TRANSFER FROM 31006347367                         Mr. ANAND  NIDAMANURU--	-	 	30,698.00	-9,25,916.00

**This is a computer generated statement and does not require a signature