Account Name       :                	Mr. ANAND  NIDAMANURU					
Address            :	D NO 5-78-16					
                                    	"6/3, PANDARIPURAM"					
                                    	GUNTUR-522002					
                                    	GUNTUR					
Date               :                	05-Dec-18					
Account Number     :	_00000031006347367					
Account Description:	SBCHQ-GEN-PUB-IND-NONRURAL-INR					
Branch             :	"LAKSHMIPURAM, GUNTUR"					
Drawing Power      :	0					
Interest Rate(% p.a.):	3.5					
MOD Balance      :	0					
CIF No.          :	_85695851038					
IFS Code         :	SBIN0011094					
MICR Code        :	_520002116					
Nomination Registered    :	Yes 					
Balance on 1 Jan 2018        :	"5,949.00"					
Start Date          :	01-Jan-18					
End Date            :	04-Dec-18					
Txn Date	Value Date	Description	Ref No./Cheque No.	        Debit	Credit	Balance
10-Jan-18	10-Jan-18	   BY TRANSFER-NEFT*HDFC0000001*N010180450859489*ANAND NIDAMANURU--	TRANSFER FROM 3199675044306	 	"32,000.00"	"37,949.00"
15-Jan-18	15-Jan-18	   WITHDRAWAL TRANSFER---	TRANSFER TO 31232114742                           	"30,698.00"	 	"7,251.00"
15-Feb-18	15-Feb-18	   BY TRANSFER-NEFT*HDFC0000001*N046180475505477*ANAND NIDAMANURU--	TRANSFER FROM 3199676044305	 	"30,000.00"	"37,251.00"
16-Feb-18	16-Feb-18	   WITHDRAWAL TRANSFER---	TRANSFER TO 31232114742                           	"30,698.00"	 	"6,553.00"
12-Mar-18	12-Mar-18	   BY TRANSFER-NEFT*HDFC0000001*N069180492846793*ANAND NIDAMANURU--	TRANSFER FROM 3199424044303	 	"31,000.00"	"37,553.00"
15-Mar-18	15-Mar-18	   WITHDRAWAL TRANSFER---	TRANSFER TO 31232114742                           	"30,698.00"	 	"6,855.00"
25-Mar-18	25-Mar-18	   CREDIT INTEREST---		 	85	"6,940.00"
10-Apr-18	10-Apr-18	   BY TRANSFER-NEFT*HDFC0000001*N099180516243273*ANAND NIDAMANURU--	TRANSFER FROM 3199411044308	 	"32,000.00"	"38,940.00"
15-Apr-18	15-Apr-18	   WITHDRAWAL TRANSFER---	TRANSFER TO 31232114742                           	"30,698.00"	 	"8,242.00"
14-May-18	14-May-18	   BY TRANSFER-NEFT*HDFC0000001*N132180540217690*ANAND NIDAMANURU--	TRANSFER FROM 3199680044308	 	"32,000.00"	"40,242.00"
15-May-18	15-May-18	   WITHDRAWAL TRANSFER---	TRANSFER TO 31232114742                           	"30,698.00"	 	"9,544.00"
11-Jun-18	11-Jun-18	   BY TRANSFER-NEFT*HDFC0000001*N162180561194117*ANAND NIDAMANURU--	TRANSFER FROM 3199677044304	 	"30,600.00"	"40,144.00"
15-Jun-18	15-Jun-18	   WITHDRAWAL TRANSFER---	TRANSFER TO 31232114742                           	"30,698.00"	 	"9,446.00"
25-Jun-18	25-Jun-18	   CREDIT INTEREST---		 	106	"9,552.00"
07-Jul-18	07-Jul-18	   BY TRANSFER-RTGS UTR NO: HDFCR52018070785289375--ANAND NIDAMANURU	TRANSFER FROM 3199860044304 / ANAND NIDAMANURU	 	"7,12,000.00"	"7,21,552.00"
07-Jul-18	07-Jul-18	   TO TRANSFER-TR TO HL CLOSURE--	TRANSFER TO 31232114742                           	"7,13,588.00"	 	"7,964.00"
25-Sep-18	25-Sep-18	   CREDIT INTEREST---		 	72	"8,036.00"
						
**This is a computer generated statement and does not require a signature						