Account statement								
______________________________________________________________________________________________________________________								
Statement Criteria								
______________________________________________________________________________________________________________________								
Account Number : 001401500149								
Branch Name    : 0014								
Bank ID        : ICI								
Date ranging from 01/03/2012 to 06/07/2012								
								
______________________________________________________________________________________________________________________								
No  	Tran ID   	Value Date  	Txn Date     	Cheque No.   	Description                                                                     	Cr/Dr    	Amount    	Available Balance             
______________________________________________________________________________________________________________________								
1	SB2827505 	1/3/2012	1/3/2012	          	001401500149:Int.Pd:01-09-2011 to 29-02-2012                                    	Cr   	295	"22,302.25"
2	 SB117520 	5/3/2012	5/3/2012	          	NFS/CASH WDL/05-03-12                                                           	Dr   	"9,000.00"	"13,302.25"
3	SB7748844 	11/3/2012	12/3/2012	          	NFS/CASH WDL/11-03-12                                                           	Dr   	"5,000.00"	"8,302.25"
4	SB7779402 	11/3/2012	12/3/2012	          	BIL/299794863/Feb Bill/988647006442578                                          	Dr   	"2,027.00"	"6,275.25"
5	SB7779719 	11/3/2012	12/3/2012	          	BIL/299794990/March Bill/988647006442578                                        	Dr   	"2,180.29"	"4,094.96"
6	SB8096680 	12/3/2012	12/3/2012	          	NEFT-0077HF1207200061-ANAND NIDAMANURU                                          	Cr   	"10,000.00"	"14,094.96"
7	SB1407274 	14/03/2012	14/03/2012     	          	ATD/4477468019205009/20120314163100                                             	Dr   	110	"13,984.96"
8	SB3175016 	15/03/2012	15/03/2012     	          	NFS/CASH WDL/15-03-12                                                           	Dr   	"10,000.00"	"3,984.96"
9	SB3175177 	15/03/2012	15/03/2012     	          	NFS/CASH WDL/15-03-12                                                           	Dr   	"3,000.00"	984.96
10	SB3366134 	16/03/2012	16/03/2012     	          	NEFT-0077HF1207600017-ANAND NIDAMANURU                                          	Cr   	"20,000.00"	"20,984.96"
11	SB4179815 	16/03/2012	16/03/2012     	          	NFS/CASH WDL/16-03-12                                                           	Dr   	"10,000.00"	"10,984.96"
12	SB4180688 	16/03/2012	16/03/2012     	          	NFS/CASH WDL/16-03-12                                                           	Dr   	"4,900.00"	"6,084.96"
13	SB5889269 	18/03/2012	19/03/2012     	          	NFS/CASH WDL/18-03-12                                                           	Dr   	"5,000.00"	"1,084.96"
14	SB1320678 	22/03/2012	22/03/2012     	          	NFS/CASH WDL/22-03-12                                                           	Dr   	"1,000.00"	84.96
15	SB1441054 	23/03/2012	23/03/2012     	          	NEFT-0077F12083000034-ANAND NIDAMANURU                                          	Cr   	"10,000.00"	"10,084.96"
16	SB4208053 	25/03/2012	26/03/2012     	          	NFS/CASH WDL/25-03-12                                                           	Dr   	"5,000.00"	"5,084.96"
17	SB6123421 	3/4/2012	3/4/2012	          	NEFT-0077F12093002884-ANAND NIDAMANURU                                          	Cr   	"15,000.00"	"20,084.96"
18	 SB920687 	6/4/2012	6/4/2012	          	NFS/CASH WDL/06-04-12                                                           	Dr   	"8,000.00"	"12,084.96"
19	 SB963083 	7/4/2012	6/4/2012	          	BIL/307356978/My Mar Bill/462986422881301                                       	Dr   	"6,930.91"	"5,154.05"
20	SB8789376 	12/4/2012	12/4/2012	          	NFS/CASH WDL/12-04-12                                                           	Dr   	"3,000.00"	"2,154.05"
21	SB9954933 	13/04/2012	13/04/2012     	          	ATMDEC CHG/22-03-12/1888/25ST3                                                  	Dr   	28.09	"2,125.96"
22	SB1645555 	16/04/2012	16/04/2012     	          	IIN/KSRTC Centr/20120415155129/0                                                	Dr   	953	"1,172.96"
23	SB4682418 	3/5/2012	3/5/2012	          	NFS/CASH WDL/03-05-12                                                           	Dr   	"1,000.00"	172.96
24	SB5624124 	4/5/2012	4/5/2012	          	NEFT-0077F12125001636-ANAND NIDAMANURU                                          	Cr   	"20,000.00"	"20,172.96"
25	 C5042511 	6/5/2012	7/5/2012	          	ATM/CASH WDL/06-05-12/00:23:35/1                                                	Dr   	"15,000.00"	"5,172.96"
26	SB8809941 	7/5/2012	7/5/2012	          	BIL/315865256/may bill/988647006442578                                          	Dr   	223	"4,949.96"
27	 SB405580 	8/5/2012	8/5/2012	          	NEFT-0077F12128002083-ANAND NIDAMANURU                                          	Cr   	"8,000.00"	"12,949.96"
28	SB2165152 	9/5/2012	9/5/2012	          	BIL/316767809/My Bill/462986422881301                                           	Dr   	"10,000.00"	"2,949.96"
29	SB5802312 	20/05/2012	21/05/2012     	          	ATM/CASH WDL/20-05-12/22:02:00/0                                                	Dr   	"2,900.00"	49.96
30	SB7438010 	30/05/2012	30/05/2012     	          	NEFT-0077F12151001125-ANAND NIDAMANURU                                          	Cr   	"15,000.00"	"15,049.96"
31	SB3489583 	3/6/2012	4/6/2012	          	NFS/CASH WDL/03-06-12                                                           	Dr   	"2,000.00"	"13,049.96"
32	SB4662708 	4/6/2012	4/6/2012	          	BIL/323931521/May Bill/988647006442578                                          	Dr   	749	"12,300.96"
33	SB4667408 	4/6/2012	4/6/2012	          	BIL/323933217/bill/462986422881301                                              	Dr   	"8,391.40"	"3,909.56"
34	SB5902997 	5/6/2012	5/6/2012	          	NFS/CASH WDL/05-06-12                                                           	Dr   	"2,000.00"	"1,909.56"
35	SB8621268 	7/6/2012	7/6/2012	          	NFS/CASH WDL/07-06-12                                                           	Dr   	"1,000.00"	909.56
36	SB3726268 	27/06/2012	27/06/2012     	          	NEFT-0077F12179000537-ANAND NIDAMANURU                                          	Cr   	"5,000.00"	"5,909.56"
37	SB3985851 	27/06/2012	27/06/2012     	          	BIL/330195753/Bus ticket/12398687                                               	Dr   	900	"5,009.56"
38	SB4638645 	28/06/2012	28/06/2012     	          	BIL/330344501/IRCTC Shirdi/0519092210                                           	Dr   	752	"4,257.56"
39	SB7463804 	30/06/2012	30/06/2012     	          	IRCTC CH+ST 28/06/12 330344501                                                  	Dr   	11.24	"4,246.32"
								
								
Note:								
1. Transaction date: The date when the transaction in the account is entered.								
								
2. Value date: The date when the transaction takes effect for the purpose of calculation of interest.								
								
3. Legends Used in Account Statement								
-> VAT / MAT / NFS – Cash withdrawal at other bank ATM								
-> INF – Internet fund transfer in linked accounts								
-> EBA – Transaction on ICICI Direct								
-> BIL – Internet Bill payment or funds transfer to Third party								
-> VPS / IPS – Debit card transaction								
-> TOP – Mobile recharge								
-> BCTT – Banking Cash Transaction Tax								
-> UCCBRN CMS -Upcountry cheque collection								
-> LCCBRN CMS - Local cheque collection								
-> N chg - NEFT Charges								
-> MMT - Mobile Money Transfer (Insta FT - IMPS)								
