Account Name       :                	Mr. ANAND  NIDAMANURU
Address            :	D NO 5-78-16
                                    	6/3, PANDARIPURAM
                                    	GUNTUR-522002
                                    	GUNTUR
Date               :                	28 Dec 2018
Account Number     :	_00000031232114742
Account Description:	SBI HOME LOAN TL (OCT13) 
Branch             :	LAKSHMIPURAM, GUNTUR
Balance on 28 Dec 2015        :	-13,72,885.00
Start Date          :	28 Dec 2015
End Date            :	30 Apr 2016
Txn Date	Value Date	Description	Ref No./Cheque No.	        Debit	Credit	Balance	
30 Apr 2016	30 Apr 2016	INTEREST---	-	10,320.00	 	-13,03,980.00
15 Apr 2016	15 Apr 2016	O.S. DEPOSIT TRAN-                                                                                                    TRANSFER FROM 31006347367                         Mr. ANAND  NIDAMANURU--	-	 	30,698.00	-12,93,660.00
31 Mar 2016	31 Mar 2016	INTEREST---	-	10,823.00	 	-13,24,358.00
15 Mar 2016	15 Mar 2016	O.S. DEPOSIT TRAN-                                                                                                    TRANSFER FROM 31006347367                         Mr. ANAND  NIDAMANURU--	-	 	30,698.00	-13,13,535.00
29 Feb 2016	29 Feb 2016	INTEREST---	-	10,288.00	 	-13,44,233.00
15 Feb 2016	15 Feb 2016	O.S. DEPOSIT TRAN-                                                                                                    TRANSFER FROM 31006347367                         Mr. ANAND  NIDAMANURU--	-	 	30,698.00	-13,33,945.00
31 Jan 2016	31 Jan 2016	INTEREST---	-	11,149.00	 	-13,64,643.00
15 Jan 2016	15 Jan 2016	O.S. DEPOSIT TRAN-                                                                                                    TRANSFER FROM 31006347367                         Mr. ANAND  NIDAMANURU--	-	 	30,698.00	-13,53,494.00
31 Dec 2015	31 Dec 2015	INTEREST---	-	11,307.00	 	-13,84,192.00

**This is a computer generated statement and does not require a signature