Account Name       :                	Mr. ANAND  NIDAMANURU
Address            :	D NO 5-78-16
                                    	6/3, PANDARIPURAM
                                    	GUNTUR-522002
                                    	GUNTUR
Date               :                	28 Dec 2018
Account Number     :	_00000031232114742
Account Description:	SBI HOME LOAN TL (OCT13) 
Branch             :	LAKSHMIPURAM, GUNTUR
Balance on 1 Oct 2016        :	-12,00,716.00
Start Date          :	1 Oct 2016
End Date            :	31 Mar 2017
Txn Date	Value Date	Description	Ref No./Cheque No.	        Debit	Credit	Balance	
31 Mar 2017	31 Mar 2017	INTEREST---	-	8,725.00	 	-10,70,540.00
15 Mar 2017	15 Mar 2017	O.S. DEPOSIT TRAN-                                                                                                    TRANSFER FROM 31006347367                         Mr. ANAND  NIDAMANURU--	-	 	30,698.00	-10,61,815.00
28 Feb 2017	28 Feb 2017	INTEREST---	-	8,065.00	 	-10,92,513.00
16 Feb 2017	16 Feb 2017	O.S. DEPOSIT TRAN-                                                                                                    TRANSFER FROM 31006347367                         Mr. ANAND  NIDAMANURU--	-	 	30,698.00	-10,84,448.00
31 Jan 2017	31 Jan 2017	INTEREST---	-	9,084.00	 	-11,15,146.00
15 Jan 2017	15 Jan 2017	O.S. DEPOSIT TRAN-                                                                                                    TRANSFER FROM 31006347367                         Mr. ANAND  NIDAMANURU--	-	 	30,698.00	-11,06,062.00
31 Dec 2016	31 Dec 2016	INTEREST---	-	9,306.00	 	-11,36,760.00
15 Dec 2016	15 Dec 2016	O.S. DEPOSIT TRAN-                                                                                                    TRANSFER FROM 31006347367                         Mr. ANAND  NIDAMANURU--	-	 	30,698.00	-11,27,454.00
30 Nov 2016	30 Nov 2016	INTEREST---	-	9,179.00	 	-11,58,152.00
15 Nov 2016	15 Nov 2016	O.S. DEPOSIT TRAN-                                                                                                    TRANSFER FROM 31006347367                         Mr. ANAND  NIDAMANURU--	-	 	30,698.00	-11,48,973.00
31 Oct 2016	31 Oct 2016	INTEREST---	-	9,653.00	 	-11,79,671.00
15 Oct 2016	15 Oct 2016	O.S. DEPOSIT TRAN-                                                                                                    TRANSFER FROM 31006347367                         Mr. ANAND  NIDAMANURU--	-	 	30,698.00	-11,70,018.00

**This is a computer generated statement and does not require a signature