Account Name       :                	Mr. ANAND  NIDAMANURU
Address            :	D NO 5-78-16
                                    	6/3, PANDARIPURAM
                                    	GUNTUR-522002
                                    	GUNTUR
Date               :                	28 Dec 2018
Account Number     :	_00000031232114742
Account Description:	SBI HOME LOAN TL (OCT13) 
Branch             :	LAKSHMIPURAM, GUNTUR
Balance on 1 Feb 2018        :	-8,37,549.00
Start Date          :	1 Feb 2018
End Date            :	31 Jul 2018
Txn Date	Value Date	Description	Ref No./Cheque No.	        Debit	Credit	Balance	
7 Jul 2018	7 Jul 2018	DISCHARGE VIA TRA-TR TO HL CLOSURE                               -01--	-	 	7,13,588.00	0.00
7 Jul 2018	7 Jul 2018	DISCHARGE INTERES---	-	1,083.00	 	-7,13,588.00
30 Jun 2018	30 Jun 2018	INTEREST---	-	5,337.00	 	-7,12,505.00
15 Jun 2018	15 Jun 2018	O.S. DEPOSIT TRAN-                                                                                                    TRANSFER FROM 31006347367                         Mr. ANAND  NIDAMANURU--	-	 	30,698.00	-7,07,168.00
31 May 2018	31 May 2018	INTEREST---	-	5,702.00	 	-7,37,866.00
15 May 2018	15 May 2018	O.S. DEPOSIT TRAN-                                                                                                    TRANSFER FROM 31006347367                         Mr. ANAND  NIDAMANURU--	-	 	30,698.00	-7,32,164.00
30 Apr 2018	30 Apr 2018	INTEREST---	-	5,707.00	 	-7,62,862.00
15 Apr 2018	15 Apr 2018	O.S. DEPOSIT TRAN-                                                                                                    TRANSFER FROM 31006347367                         Mr. ANAND  NIDAMANURU--	-	 	30,698.00	-7,57,155.00
31 Mar 2018	31 Mar 2018	INTEREST---	-	6,048.00	 	-7,87,853.00
15 Mar 2018	15 Mar 2018	O.S. DEPOSIT TRAN-                                                                                                    TRANSFER FROM 31006347367                         Mr. ANAND  NIDAMANURU--	-	 	30,698.00	-7,81,805.00
28 Feb 2018	28 Feb 2018	INTEREST---	-	5,652.00	 	-8,12,503.00
16 Feb 2018	16 Feb 2018	O.S. DEPOSIT TRAN-                                                                                                    TRANSFER FROM 31006347367                         Mr. ANAND  NIDAMANURU--	-	 	30,698.00	-8,06,851.00

**This is a computer generated statement and does not require a signature