Account Name       :                	Mr. ANAND  NIDAMANURU
Address            :	D NO 5-78-16
                                    	6/3, PANDARIPURAM
                                    	GUNTUR-522002
                                    	GUNTUR
Date               :                	28 Dec 2018
Account Number     :	_00000031232114742
Account Description:	SBI HOME LOAN TL (OCT13) 
Branch             :	LAKSHMIPURAM, GUNTUR
Balance on 1 May 2016        :	-13,03,980.00
Start Date          :	1 May 2016
End Date            :	31 Oct 2016
Txn Date	Value Date	Description	Ref No./Cheque No.	        Debit	Credit	Balance	
31 Oct 2016	31 Oct 2016	INTEREST---	-	9,653.00	 	-11,79,671.00
15 Oct 2016	15 Oct 2016	O.S. DEPOSIT TRAN-                                                                                                    TRANSFER FROM 31006347367                         Mr. ANAND  NIDAMANURU--	-	 	30,698.00	-11,70,018.00
30 Sep 2016	30 Sep 2016	INTEREST---	-	9,512.00	 	-12,00,716.00
15 Sep 2016	15 Sep 2016	O.S. DEPOSIT TRAN-                                                                                                    TRANSFER FROM 31006347367                         Mr. ANAND  NIDAMANURU--	-	 	30,698.00	-11,91,204.00
31 Aug 2016	31 Aug 2016	INTEREST---	-	10,058.00	 	-12,21,902.00
23 Aug 2016	23 Aug 2016	O.S. DEPOSIT TRAN-                                                                                                    TRANSFER FROM 31006347367                         Mr. ANAND  NIDAMANURU--	-	 	30,698.00	-12,11,844.00
31 Jul 2016	31 Jul 2016	INTEREST---	-	10,161.00	 	-12,42,542.00
15 Jul 2016	15 Jul 2016	O.S. DEPOSIT TRAN-                                                                                                    TRANSFER FROM 31006347367                         Mr. ANAND  NIDAMANURU--	-	 	30,698.00	-12,32,381.00
30 Jun 2016	30 Jun 2016	INTEREST---	-	10,000.00	 	-12,63,079.00
15 Jun 2016	15 Jun 2016	O.S. DEPOSIT TRAN-                                                                                                    TRANSFER FROM 31006347367                         Mr. ANAND  NIDAMANURU--	-	 	30,698.00	-12,53,079.00
31 May 2016	31 May 2016	INTEREST---	-	10,495.00	 	-12,83,777.00
15 May 2016	15 May 2016	O.S. DEPOSIT TRAN-                                                                                                    TRANSFER FROM 31006347367                         Mr. ANAND  NIDAMANURU--	-	 	30,698.00	-12,73,282.00

**This is a computer generated statement and does not require a signature