Account Name       :                	Mr. ANAND  NIDAMANURU					
Address            :	D NO 5-78-16					
                                    	"6/3, PANDARIPURAM"					
                                    	GUNTUR-522002					
                                    	GUNTUR					
Date               :                	05-Dec-18					
Account Number     :	_00000031006347367					
Account Description:	SBCHQ-GEN-PUB-IND-NONRURAL-INR					
Branch             :	"LAKSHMIPURAM, GUNTUR"					
Drawing Power      :	0					
Interest Rate(% p.a.):	3.5					
MOD Balance      :	0					
CIF No.          :	_85695851038					
IFS Code         :	SBIN0011094					
MICR Code        :	_520002116					
Nomination Registered    :	Yes 					
Balance on 1 Jan 2017        :	"3,180.00"					
Start Date          :	01-Jan-17					
End Date            :	31-Dec-17					
Txn Date	Value Date	Description	Ref No./Cheque No.	        Debit	Credit	Balance
10-Mar-17	10-Mar-17	   BY TRANSFER-NEFT*HDFC0000001*N068170257904450*ANAND NIDAMANURU--	TRANSFER FROM 3199682044307	 	"53,000.00"	"56,180.00"
15-Mar-17	15-Mar-17	   WITHDRAWAL TRANSFER---	TRANSFER TO 33703213020                           	"21,951.00"	 	"34,229.00"
15-Mar-17	15-Mar-17	   WITHDRAWAL TRANSFER---	TRANSFER TO 31232114742                           	"30,698.00"	 	"3,531.00"
25-Mar-17	25-Mar-17	   CREDIT INTEREST---		 	83	"3,614.00"
10-Apr-17	10-Apr-17	   BY TRANSFER-NEFT*HDFC0000001*N099170271392599*ANAND NIDAMANURU--	TRANSFER FROM 3199413044306	 	"53,000.00"	"56,614.00"
15-Apr-17	15-Apr-17	   WITHDRAWAL TRANSFER---	TRANSFER TO 33703213020                           	"21,951.00"	 	"34,663.00"
15-Apr-17	15-Apr-17	   WITHDRAWAL TRANSFER---	TRANSFER TO 31232114742                           	"30,698.00"	 	"3,965.00"
09-May-17	09-May-17	   BY TRANSFER-NEFT*HDFC0000001*N129170290947421*ANAND NIDAMANURU--	TRANSFER FROM 3199677044304	 	"54,000.00"	"57,965.00"
15-May-17	15-May-17	   WITHDRAWAL TRANSFER---	TRANSFER TO 33703213020                           	"21,951.00"	 	"36,014.00"
15-May-17	15-May-17	   WITHDRAWAL TRANSFER---	TRANSFER TO 31232114742                           	"30,698.00"	 	"5,316.00"
09-Jun-17	09-Jun-17	   BY TRANSFER-NEFT*HDFC0000001*N160170310340553*ANAND NIDAMANURU--	TRANSFER FROM 3199417044302	 	"53,000.00"	"58,316.00"
15-Jun-17	15-Jun-17	   WITHDRAWAL TRANSFER---	TRANSFER TO 33703213020                           	"21,951.00"	 	"36,365.00"
15-Jun-17	15-Jun-17	   WITHDRAWAL TRANSFER---	TRANSFER TO 31232114742                           	"30,698.00"	 	"5,667.00"
25-Jun-17	25-Jun-17	   CREDIT INTEREST---		 	145	"5,812.00"
01-Jul-17	01-Jul-17	   BY TRANSFER-NEFT*HDFC0000001*N182170322622954*ANAND NIDAMANURU--	TRANSFER FROM 3199410044308	 	"5,00,000.00"	"5,05,812.00"
01-Jul-17	01-Jul-17	   BY TRANSFER-NEFT*HDFC0000001*N182170322614862*ANAND NIDAMANURU--	TRANSFER FROM 3199677044304	 	"1,90,000.00"	"6,95,812.00"
01-Jul-17	01-Jul-17	   TO TRANSFER-CH923017 HOME LOAN CLS--	TRANSFER TO 33703213020                           	"6,64,821.00"	 	"30,991.00"
15-Jul-17	15-Jul-17	   WITHDRAWAL TRANSFER---	TRANSFER TO 31232114742                           	"30,698.00"	 	293
09-Aug-17	09-Aug-17	   BY TRANSFER-NEFT*HDFC0000001*N221170346626206*ANAND NIDAMANURU--	TRANSFER FROM 3199680044308	 	"31,000.00"	"31,293.00"
15-Aug-17	15-Aug-17	   WITHDRAWAL TRANSFER---	TRANSFER TO 31232114742                           	"30,698.00"	 	595
11-Sep-17	11-Sep-17	   BY TRANSFER-NEFT*HDFC0000001*N254170365540289*ANAND NIDAMANURU--	TRANSFER FROM 3199411044308	 	"32,000.00"	"32,595.00"
15-Sep-17	15-Sep-17	   WITHDRAWAL TRANSFER---	TRANSFER TO 31232114742                           	"30,698.00"	 	"1,897.00"
25-Sep-17	25-Sep-17	   CREDIT INTEREST---		 	86	"1,983.00"
11-Oct-17	11-Oct-17	   BY TRANSFER-NEFT*HDFC0000001*N284170386453895*ANAND NIDAMANURU--	TRANSFER FROM 3199678044303	 	"32,000.00"	"33,983.00"
15-Oct-17	15-Oct-17	   WITHDRAWAL TRANSFER---	TRANSFER TO 31232114742                           	"30,698.00"	 	"3,285.00"
13-Nov-17	13-Nov-17	   BY TRANSFER-NEFT*HDFC0000001*N317170409242477*ANAND NIDAMANURU--	TRANSFER FROM 3199681044308	 	"32,000.00"	"35,285.00"
15-Nov-17	15-Nov-17	   WITHDRAWAL TRANSFER---	TRANSFER TO 31232114742                           	"30,698.00"	 	"4,587.00"
12-Dec-17	12-Dec-17	   BY TRANSFER-NEFT*HDFC0000001*N346170430124481*ANAND NIDAMANURU--	TRANSFER FROM 3199414044305	 	"32,000.00"	"36,587.00"
15-Dec-17	15-Dec-17	   WITHDRAWAL TRANSFER---	TRANSFER TO 31232114742                           	"30,698.00"	 	"5,889.00"
25-Dec-17	25-Dec-17	   CREDIT INTEREST---		 	60	"5,949.00"
						
**This is a computer generated statement and does not require a signature						